2685 3487
1294 105 1411 178 15

221 308 529 376 intellig-iture
580 305 758 369 Quod
802 323 890 358 me
934 306 1247 369 bonaria,
1291 313 1354 358 nt
1397 307 1751 360 absolvam:
1797 308 2002 360 habeo
2048 308 2471 366 absolutum

219 438 440 482 suave,
507 417 653 468 mihi
720 418 970 484 quidem
1037 418 1126 468 uti
1191 417 1485 483 videtur,
1554 421 1702 475 ἔπος
1766 418 1845 469 ad
1914 418 2287 472 Caesarem:
2356 423 2470 472 sed

220 545 456 598 quaero

514 529 908 596 locupletem
964 529 1401 592 tabellarium,
1467 546 1542 580 ne
1597 529 1860 580 accidat
1916 531 2080 597 quod
2134 532 2471 599 Erigonae

219 652 387 694 tuae:
456 640 555 692 oui
621 638 776 703 soli,
845 637 1135 693 Caesare
1189 639 1610 709 imperatore,
1677 639 1804 692 iter
1864 657 1941 692 ex
2000 641 2223 694 Gallia
2279 651 2468 695 tutum

219 770 334 804 non
387 752 523 802 suit.
556 754 620 812 ¹³)

385 929 673 980 Scribebam
708 929 1009 980 Tremesnae
1045 941 1257 981 exeunte
1291 945 1456 981 mense
1490 933 1718 997 Augusto
1754 950 1797 981 a.
1832 932 2267 985 MDCCCXLW.

1550 1161 1975 1221 Frltlericus
2038 1162 2467 1221 Schneider.

521 2113 689 2154 Quintum
712 2107 955 2144 Britannicam
980 2107 1152 2143 Caesaris
1186 2109 1449 2153 expeditionem
1482 2113 1876 2149 celebrare-versibus
1913 2114 2117 2157 cogitasse,
2151 2114 2195 2147 ad
2231 2112 2455 2154 ingeniorum

519 2179 621 2213 illam
656 2177 937 2220 similitudinem,
970 2188 1064 2219 quae
1096 2179 1193 2211 inter
1220 2179 1389 2217 Quintum
1425 2185 1464 2213 et
1497 2182 1663 2215 Archiam
1699 2182 1922 2223 intercessit,
1956 2183 2117 2215 accessit
2151 2186 2456 2223 argumentorum,

518 2246 609 2288 quae
655 2248 809 2286 uterque
846 2243 917 2278 sibi
963 2246 1154 2280 tractanda
1199 2245 1331 2292 elegit,
1386 2245 1599 2292 similitudo,
1656 2247 1942 2290 quandoquidem
1990 2252 2138 2280 constat
2176 2247 2342 2281 Archiam
2391 2254 2457 2277 eas

522 2311 747 2354 potissimum
792 2317 873 2353 res,
921 2318 1014 2353 qnae
1059 2320 1129 2345 suo
1174 2311 1287 2356 ipsius
1334 2318 1493 2356 tempore
1538 2318 1669 2355 gestae
1715 2317 1862 2355 essent,
1912 2312 2079 2345 versibus
2126 2321 2283 2345 ornasse
2329 2316 2365 2343 et
2412 2320 2458 2342 eo

521 2379 658 2422 quidem
703 2378 846 2410 ductum
892 2375 1063 2420 consilio,
1108 2382 1166 2423 ut,
1212 2389 1366 2424 quorum
1411 2381 1569 2414 virorum
1615 2384 1833 2422 persecutus
1878 2379 2005 2412 landes
2051 2383 2171 2420 esset,
2218 2388 2345 2410 eorum
2393 2377 2458 2409 sibi

522 2447 678 2491 gratiam
723 2442 927 2485 colligeret.
995 2442 1100 2478 conr.
1146 2445 1273 2483 Ononi.
1319 2446 1422 2480 Tull:
1470 2447 1509 2481 1.
1548 2447 1611 2484 1..
1658 2448 1689 2481 Α
1735 2456 1805 2490 quo
1850 2444 2008 2479 consilio
2054 2454 2099 2478 ne
2146 2445 2269 2484 Quinti
2317 2444 2457 2485 quidem

522 2513 663 2548 animus
709 2509 923 2545 abhoruisse
968 2510 1123 2555 videtur,
1168 2512 1201 2546 si
1246 2511 1387 2556 quidem
1434 2513 1631 2548 verisimile
1675 2518 1743 2556 est,
1781 2511 1969 2555 Caesaris,
2007 2519 2030 2544 a
2068 2520 2138 2552 quo
2179 2511 2337 2551 «lumime
2377 2510 2457 2549 plus

518 2581 732 2622 diligeretur
770 2578 884 2616 (conf.
922 2577 965 2610 ad
1001 2575 1121 2616 Quint.
1157 2579 1201 2613 fr.
1226 2579 1287 2615 Ill.
1323 2580 1357 2624 1,
1381 2580 1434 2624 9),
1470 2581 1625 2622 gratiam
1663 2585 1702 2613 ut
1735 2580 1771 2612 in
1806 2578 1885 2613 dies
1920 2579 1989 2613 sibi
2023 2578 2238 2612 conciliaret
2273 2575 2457 2618 majorem.

520 2656 598 2681 eum
645 2646 735 2679 illud
780 2652 924 2677 carmen
970 2652 1192 2686 componere
1225 2655 1441 2690 aggressum
1475 2657 1574 2681 esse.
1642 2646 1712 2687 Qui
1757 2654 1798 2679 re
1845 2654 1934 2679 vera
1978 2648 2128 2678 exstant
2167 2644 2288 2682 Quinti
2327 2652 2457 2675 versus

519 2714 623 2757 epici,
668 2721 734 2747 eos
772 2710 873 2745 oren
918 2715 957 2745 et
994 2710 1085 2746 Bait.
1130 2720 1213 2756 pag.
1252 2711 1319 2749 ³⁵4
1356 2713 1494 2750 Scholl:
1533 2714 1642 2748 Bobb.
1683 2715 1979 2746 commemorant.
2040 2713 2096 2745 Ea
2134 2720 2219 2743 vero
2259 2709 2381 2743 omnia
2427 2709 2459 2741 si

521 2786 710 2820 tenemus,
769 2779 980 2814 Ciceronem
1038 2780 1269 2815 statuendum
1317 2784 1377 2814 est
1420 2785 1491 2813 non
1536 2777 1658 2823 inepte
1705 2778 1858 2812 Archiae
1912 2787 2062 2812 causam
2109 2777 2229 2818 egisse
2241 2788 2251 2818 ;
2314 2778 2458 2817 quando

489 2847 661 2887 ,quidem
707 2845 783 2889 ille,
829 2850 870 2879 ut
905 2843 1042 2889 Quinti,
1088 2846 1147 2888 qul
1193 2847 1391 2881 exercebat
1427 2845 1604 2888 judicium
1651 2846 1755 2889 illud,
1801 2846 1961 2884 gratiam
2006 2853 2071 2877 reo
2117 2846 2348 2888 conciliaret,
2395 2854 2460 2877 eas

525 2912 754 2954 potissimum
797 2910 951 2963 Archino
997 2908 1152 2948 virtutes
1196 2913 1368 2956 laudavit,
1413 2919 1503 2954 quae
1549 2921 1759 2947 communes
1805 2912 1842 2947 ei
1889 2921 1968 2946 cum
2006 2911 2139 2951 Quinto
2187 2915 2328 2945 essent.
2390 2911 2458 2943 sed

523 2981 564 3012 de
609 2978 676 3012 illa
720 2978 912 3013 Ciceronis
958 2985 1025 3019 pro
1070 2979 1201 3016 Archia
1240 2981 1401 3017 oratione
1439 2978 1522 3019 qnid
1561 2979 1788 3023 sentiamus,
1834 2978 2028 3013 consilium
2052 2982 2110 3010 est
2134 2979 2211 3011 alio
2235 2983 2276 3011 et
2301 2982 2456 3017 tempore

522 3049 558 3078 et·
603 3042 686 3077 loco
732 3040 898 3081 pluribus
944 3049 1125 3084 exponere
